@book{lastres1999informaccao,
	title={Informa{\c{c}}{\~a}o e globaliza{\c{c}}{\~a}o na era do conhecimento},
	author={Lastres, Helena Maria Martins and Albagli, Sarita and Passos, Carlos Artur Kr{\"u}ger},
	year={1999},
	publisher={Campus Rio de Janeiro}
}

@article{santos2000projecto,
  title={O projecto Processamento Computacional do Portugu{\^e}s: Balan{\c{c}}o e perspectivas},
  author={Santos, Diana},
  journal={quot; In Maria das Gra{\c{c}}as Volpe Nunes (ed) V Encontro para o processamento computacional da l{\'\i}ngua portuguesa escrita e falada (PROPOR 2000)(Atibaia SP 19-22 de Novembro de 2000) S{\~a}o Paulo: ICMC/USP},
  year={2000},
  publisher={ICMC/USP}
}